@article{A-V,
    author = "Alexander J.C., Verjovsky A.",
    title = "First {I}ntegrals for {S}ingular {H}olomorphic {F}oliations {W}ith {L}eaves of {B}ounded {V}olume",
    journal = "Holomorphic Dynamics, Lecture Notes in Mathematics, Springer Verlag",
    volume = "1345",
    year = "1988",
    pages = "1--10",
    doi ="10.1307/mmj/1028999180"
}

@article{Bishop,
    author = "Bishop, E.",
    title = "Conditions for the {A}nalyticity  of certain sets",
    journal = "Michigan {M}ath. J.11",
    volume = "No. 4",
    year = "1964",
    pages = "289--304",
    doi ="10.1307/mmj/1028999180"
}

@book{Chirka,
    author="Chirka, E. M.",
    title = "Complex {A}nalytic {S}ets",
    publisher = "Kluwer {A}cademic, {D}ordrecht",
    address = "The {N}etherlands",
    year = "1989",
    doi ="10.1007/978-94-009-2366-9"
}

@article{Chow,
    author		= "Chow, W-L.",
    title			= "On {C}ompact {C}omplex {A}nalytic {V}arieties",
    journal		= "American {J}ournal of {M}athematics",
    volume		= "71",
    number		= "4",
    pages			= "893--914",
    year			= "1949",
    doi			= "10.2307/2372375"
}

@article{EMS,
    author = "Edwards, R., Millet, K.C., and Sullivan, D.",
    title = "Foliations {W}ith {A}ll {L}eaves {C}ompact",
    journal = " Pergamon {P}ress, {T}opology",
    volume = "16",
    pages = "13-32",
    year = "1977"
}

@article{EMT,
    author = "Epstein, D. B. A., Millet, K. C., and Tischler, D.",
    title = "Leaves {W}ithout {H}olonomy",
    journal="Journal of the {L}ondon {M}athematical {S}ociety",
    volume = "16(3)",
    pages = "548-552",
    year = "1977",
    doi ="10.1112/jlms/s2-16.3.548"
}

@article{Epstein,
    author = "Epstein, D. B. A.",
    title = "Periodic {F}lows on {T}hree-{M}anifolds",
    journal = "Annals of {M}athematics, {S}econd {S}eries",
    volume = "95, {N}o.1",
    year = "1972",
    pages= "66-82"
}

@article{Remmert,
    author = "Remmert, R. and Stein, K.",
    title = "Über die wesentlichen, {S}ingulariäten analyscher {M}engen",
    journal = "Math. {A}nnalen",
    volume = "Bd. 126",
    pages = "263--306",
    year = "1953",
    doi = "10.1007/BF01343164"
}

@article{Pereira,
    author = "Pereira, J. V.",
    title = "Global {S}tability for {H}olomorphic {F}oliations in {K}ähler {M}anifolds",
    journal = "Qualitative {T}heory of {D}ynamical {S}ystems",
    volume = "2",
    pages = "381–384",
    year ="2001"
}

@article{Thurston,
    author = "Thurston, W. P.",
    title = "A {G}eneralization of {R}eeb {S}tability {T}heorem",
    journal = "Pergamon {P}ress, {T}opology",
    volume = "13",
    pages = "347-352",
    year="1974"
}

@book{Gunning-Rossi,
    author = "Robert, C.",
    title = "Analytic {F}unctions of {S}everal {C}omplex {V}ariables",
    publisher = "Prentice-{H}all, {I}nc, {E}nglewood {C}liffs",
    address = "N.J",
    year = "1965",
    doi = "10.1090/chel/368"
}

@book{foliaciones,
    author = "Scardua, B. and Morales, C.",
    title = "Geometry, {D}ynamics and {T}opology of {F}oliated {M}anifolds",
    publisher = "Publicac\~oes {M}atem\'aticas",
    address = "Instituto Nacional de Matem\'atica Pura e Aplicada",
    year = "2003"
}

@article{GAGA,
    author = "Serre, J-P.",
    title = "G\'eom\'etrie alg\'ebrique et g\'eom\'etrie analytique",
    journal = "Annales de l'institut {F}ourier",
    volume = "6",
    year = "1956",
    doi = "10.5802/aif.59"
}

@book{Stolzenberg,
    author = "Stolzenberg, G.",
    title = "Volumes, {L}imits and {E}xtensions of {A}nalytic {V}arieties",
    publisher = "Lecture {N}otes in {M}athematics, {S}pringer-{V}erlag",
    address="Berlin",
    year = "1966",
    doi = "10.1007/BFb009773"
}

@book{rudin,
    author = "Rudin, W.",
    title = "Function {T}heory in the {U}nit {B}all of $\con$",
    publisher = "Springer-{V}erlag",
    address = "Berlin {H}eidelberg",
    year = "1980",
    doi = "10.1007/978-3-540-68276-9"
}
%%\bibitem{Beuville} Beauville, A. (2000) \textit{Complex manifolds with split tangent bundle}, Complex analysis and algebraic geometry
%%, de Gruyer, Berlin, 61-70.
%%
%%\bibitem{ZB} Blocki, Z. (2011) \textit{The Complex Monge-Amp\`ere Equation in K\"ahler Geometry} Lecture Notes in Mathematics 2075
%%part of Pluripotential Theory, Springer-Verlag, pp. 95-143.
%%
%%\bibitem{Bishop} Bishop, E. (1964) \textit{Conditions for the Analyticity  of certain sets}, Michigan Math. J. 11, No. 4, 289--304.
%%
%%\bibitem{Bondal} Bondal, A. I,. (1993) \textit{Non-commutative definitionrmations and Poisson brackets on projetive spaces},
%%Max-Planck-Institut f\"ur Matematik, Germany, 93–67.
%%
%%\bibitem{brunella} Brunella, M., (2015) \textit{Birational Geometry of Foliations}, IMPA Monographs,
%%Springer International Publishing, Switzerland.
%%
%%\bibitem{Chirka} Chirka E. M. (1989) \textit{Complex Analytic Sets}, Kluwer
%%Academic, Dordrecht, The Netherlands.
%%
%%\bibitem{Chow} Chow, W-L. (1949) \textit{On Compact Complex Analytic Varieties},
%%American Journal of Mathematics, Vol. 71, No. 4, pp. 893-914.
%%
%%\bibitem{D-SS} Donaldson, S., Sun, S. (2014) \textit{Gromov-Hausdorff Limits of K\"ahler Manifolds and Algebraic Geometry I},
%% Acta Math 213, Springer-Verlag, 63-106.
%%
%%\bibitem{DPPT}Druel S., Pereira J V., Pym B., Touzet F. \textit{A global Weinstein splitting theorem for
%%holomorphic Poisson manifolds}, Por publicarse.
%%
%%\bibitem{EMS} Edwards, R., Millet, K., Sullivan, D. (1975) \textit{Foliations
%%With All Leaves Compact}, Topology Vol. 16, Pergamon Press, 1977, pp. 13-32.
%%
%%\bibitem{V-A} Epstein, D. B. A., Millet, K. C., Tischler D.
%%(1977) \textit{Leaves Without Holonomy}, Journal of The London Mathematical Society-second Series, 548-552.
%%
%%\bibitem{E-V} Epstein, D. B. A., Voght, E. (1978) \textit{A Counterexample to the Periodic Orbit Theorem},
%%Annals of Mathematics, Vol. 108, pp. 539-552.
%%
%%\bibitem{Epstein1} Epstein, D. B. A. (1976) \textit{Foliations with all leaves compact, Annales de Institute Fourier},
%%tome 26 no. 1, pp. 265-282.
%%
%%\bibitem{Epstein2} Epstein, D. B. A. (1972) \textit{Periodic Flows on Three-Manifolds}, Annals of Mathematics,
%%Second Series, Vol. 95, No. 1 (Jan., 1972), pp. 66-82.
%%
%%\bibitem{Gua-Pym} Gualtieri, M., Pym, B. (2012) \textit{Poisson modules and degeneracy loci},
%%Proceedings of the London Mathematical Society 107(3), pp. 627-654.
%%
%%\bibitem{R-S} Remmert R., Stein, K. (1953) \textit{Über die wesentlichen
%%Singulariäten analyscher Mengen}. Math. Annalen, Bd. 126, S. 263--306.
%%
%%\bibitem{GAGA} Serre, J.-P. (1956) \textit{G\'eom\'etrie alg\'ebrique et g\'eom\'etrie analytique}, Annales de Institut Fourier, Vol. 6, pp. 1-42.
%%
%%\bibitem{Myers} Myers, S. B. (1941), \textit{Riemannian manifolds with positive mean curvature}, Duke Mathematical Journal,
%%8 (2): 401–404.
%%
%%\bibitem{SCHARK} Schark, I. J.(1961), \textit{Maximal Ideals in an Algebra of Bounded Analytic Functions}, The Institute for Advanced Study
%%Princeton, New Jersey,pp. 735-746.
%%
%%\bibitem{Stolzenberg} Stolzenberg G. (1966) \textit{Volumes, Limits and
%%Extensions of Analytic Varieties}, Lecture Notes in Mathematics,
%%Springer-Verlag, Berlin.
%%
%%\bibitem{Thurston} Thurston W., P. (1974) \textit{A Generalization of Reeb Stability Theorem}, Topology Vol. 13,
%%Pergamon Press, Great Britain, pp. 347-352.
%%
%%\bibitem{Pereira} Pereira J. V., (2001) \textit{Global Stability for Holomorphic Foliations in Kaehler Manifolds}.
%%Qualitative Theory of Dynamical Systems volume 2, pp. 381–384.
%%
%%\bibitem{S-Yau} Yau, S-T., (1978) \textit{On The Ricci Curvature of a Compact K\"ahler Manifold and the Complex Monge-Amp\`ere Equation, I*},
%%Communications on Pure and Applied Mathenatics, Vol. XXXXI, John Wiley \& Sons. Inc, 339-411.